<record><leader>00000cas a22000007a 4500</leader><controlfield tag="001">20584483</controlfield><controlfield tag="008">891102d19581975pauwr ne      0    0eng d</controlfield><datafield ind1=" " ind2=" " tag="010"><subfield code="a">sn 90069048 </subfield></datafield><datafield ind1=" " ind2=" " tag="040"><subfield code="a">NPH</subfield><subfield code="b">eng</subfield><subfield code="c">NPH</subfield><subfield code="d">OCLCQ</subfield></datafield><datafield ind1=" " ind2=" " tag="042"><subfield code="a">msc</subfield></datafield><datafield ind1="0" ind2=" " tag="130"><subfield code="a">Bucks County gazette (New Hope, Pa.)</subfield></datafield><datafield ind1="1" ind2="4" tag="245"><subfield code="a">The Bucks County gazette.</subfield></datafield><datafield ind1="1" ind2="3" tag="246"><subfield code="a">Gazette</subfield></datafield><datafield ind1=" " ind2=" " tag="260"><subfield code="a">Hew Hope, Pa. :</subfield><subfield code="b">Bucks County Gazette, Inc.,</subfield><subfield code="c">1958-1975.</subfield></datafield><datafield ind1=" " ind2=" " tag="300"><subfield code="a">v. :</subfield><subfield code="b">ill. ;</subfield><subfield code="c">45 cm.</subfield></datafield><datafield ind1=" " ind2=" " tag="310"><subfield code="a">Weekly</subfield></datafield><datafield ind1="0" ind2=" " tag="362"><subfield code="a">Tenth yr., no. 29 (July 17, 1958)-28th yr., no. 8 (Mar. 27, 1975).</subfield></datafield><datafield ind1=" " ind2=" " tag="752"><subfield code="a">United States</subfield><subfield code="b">Pennsylvania</subfield><subfield code="c">Bucks</subfield><subfield code="d">New Hope.</subfield></datafield><datafield ind1="0" ind2="0" tag="780"><subfield code="t">New Hope gazette (New Hope, Pa. : 1953)</subfield><subfield code="w">(DLC)sn 84026010</subfield></datafield><datafield ind1="0" ind2="0" tag="785"><subfield code="t">New Hope gazette (New Hope, Pa. : 1975)</subfield><subfield code="w">(DLC)sn 90069049</subfield></datafield></record>